
@book{gsalgo,
    author="{Jon Kleinberg and Eva Tardos}",
    title="{Algorithm Design}",
    publisher="{Addison-Wesley}",
    year="{2005}"
}

